<?xml version="1.0" encoding="UTF-8"?><record xmlns="http://www.loc.gov/MARC21/slim" xmlns:cinclude="http://apache.org/cocoon/include/1.0" xmlns:zs="http://www.loc.gov/zing/srw/">
  <leader>00430nz  a2200133n  4500</leader>
  <controlfield tag="001">nr2007007840</controlfield>
  <controlfield tag="003">DLC</controlfield>
  <controlfield tag="005">20070427075313.0</controlfield>
  <controlfield tag="008">070425n| acannaabn          |a aaa     c</controlfield>
  <datafield tag="010" ind1=" " ind2=" ">
    <subfield code="a">nr2007007840</subfield>
  </datafield>
  <datafield tag="040" ind1=" " ind2=" ">
    <subfield code="a">UkOxU</subfield>
    <subfield code="b">eng</subfield>
    <subfield code="c">UkOxU</subfield>
  </datafield>
  <datafield tag="100" ind1="1" ind2=" ">
    <subfield code="a">Moore, Joan Brooke</subfield>
  </datafield>
  <datafield tag="400" ind1="1" ind2=" ">
    <subfield code="a">Brooke Moore, Joan </subfield>
  </datafield>
  <datafield tag="670" ind1=" " ind2=" ">
    <subfield code="a">The politics of litigating discrimination, 1986:</subfield>
    <subfield code="b">t.p. (Joan Brooke Moore, Lincoln Coll.; M.Litt. thesis in pol., Univ. of Oxford)</subfield>
  </datafield>
</record>